

@book { p2, 
    author     =  "Departamento de informática y Análisis numérico" , 
    title      =  "Preprocesamiento y más filtros de Weka" , 
    institution=  "Escuela Politécnica de Córdoba" ,
    year = "2019",
    note = "\url{https://moodle.uco.es/m1920/pluginfile.php/161313/mod_resource/content/11/practica2-.pdf}",
}

@book { p1, 
    author     =  "Departamento de informática y Análisis numérico" , 
    title      =  "Introducción al aprendizaje automático y Weka" , 
    institution=  "Escuela Politécnica de Córdoba" ,
    year = "2019",
    note = "\url{https://moodle.uco.es/m1920/pluginfile.php/161272/mod_resource/content/23/practica1-1-.pdf}",
}

@book { p3, 
    author     =  "Departamento de informática y Análisis numérico" , 
    title      =  "Regrasión y clasificación con Weka" , 
    institution=  "Escuela Politécnica de Córdoba" ,
    year = "2019",
    note = "\url{https://moodle.uco.es/m1920/pluginfile.php/161289/mod_resource/content/15/practica3-.pdf}",
}

@book  { p4, 
    author     =  "Departamento de informática y Análisis numérico" , 
    title      =  "Árboles y redes Neuronales" , 
    institution=  "Escuela Politécnica de Córdoba" ,
    year = "2019",
    note = "\url{https://moodle.uco.es/m1920/pluginfile.php/161304/mod_resource/content/10/practica4-.pdf}",
}

@book  { webgoogle,  
    title      =  "Introducción al aprendizaje automático" , 
    institution=  "Google" ,
    year = "2019",
    note = "\url{https://developers.google.com/machine-learning/crash-course/ml-intro?hl=es-419}",
}

@book  { Stack,  
    title      =  "Introducción al aprendizaje automático" , 
    institution=  "Stackoverflow" ,
    year = "2019",
    note = "\url{https://stackoverflow.com/search?q=machine+learning+weka}",
}

